%% This BibTeX bibliography file was created using BibDesk.
%% http://bibdesk.sourceforge.net/


%% Created for Tapani at 2015-07-29 23:26:01 +0300 


%% Saved with string encoding Western (ISO Latin 1) 

%%Real Citations~~~~~~~~~~~~~~~~~~~~~~~~~~~~~~~~~~~~~~~~~~~~~~~~~~~~~~~~~~~~~~~~

@article{rober2005playing,
  title={Playing audio-only games},
  author={R{\"o}ber, Niklas and Masuch, Maic},
  journal={A compendium of interacting with virtual, auditory worlds (Article)},
  year={2005}
}

@inproceedings{Igarashi:2001:VSU:502348.502372,
 author = {Igarashi, Takeo and Hughes, John F.},
 title = {Voice As Sound: Using Non-verbal Voice Input for Interactive Control},
 booktitle = {Proceedings of the 14th Annual ACM Symposium on User Interface Software and Technology},
 series = {UIST '01},
 year = {2001},
 isbn = {1-58113-438-X},
 location = {Orlando, Florida},
 pages = {155--156},
 numpages = {2},
 url = {http://doi.acm.org/10.1145/502348.502372},
 doi = {10.1145/502348.502372},
 acmid = {502372},
 publisher = {ACM},
 address = {New York, NY, USA},
 keywords = {Interaction technique, Voice, direct manipulation, entertainment},
}
